@article{costa2000cognate,
  title={The cognate facilitation effect: implications for models of lexical access.},
  author={Costa, Albert and Caramazza, Alfonso and Sebastian-Galles, Nuria},
  journal={Journal of Experimental Psychology: Learning, Memory, and Cognition},
  volume={26},
  number={5},
  pages={1283},
  year={2000},
  publisher={American Psychological Association}
}

@article{thierry2007brain,
  title={Brain potentials reveal unconscious translation during foreign-language comprehension},
  author={Thierry, Guillaume and Wu, Yan Jing},
  journal={Proceedings of the National Academy of Sciences},
  volume={104},
  number={30},
  pages={12530--12535},
  year={2007},
  publisher={National Acad Sciences}
}

@article{von2012language,
  title={Language nonselective lexical access in bilingual toddlers},
  author={Von Holzen, Katie and Mani, Nivedita},
  journal={Journal of Experimental Child Psychology},
  volume={113},
  number={4},
  pages={569--586},
  year={2012},
  publisher={Elsevier}
}

@article{bosma2020cognate,
  title={Cognate facilitation in Frisian--Dutch bilingual childrenâ€™s sentence reading: An eye-tracking study},
  author={Bosma, Evelyn and Nota, Naomi},
  journal={Journal of experimental child psychology},
  volume={189},
  pages={104699},
  year={2020},
  publisher={Elsevier}
}