@article{costa2000cognate,
  title={The cognate facilitation effect: implications for models of lexical access.},
  author={Costa, Albert and Caramazza, Alfonso and Sebastian-Galles, Nuria},
  journal={Journal of Experimental Psychology: Learning, Memory, and Cognition},
  volume={26},
  number={5},
  pages={1283},
  year={2000},
  publisher={American Psychological Association}
}

@article{thierry2007brain,
  title={Brain potentials reveal unconscious translation during foreign-language comprehension},
  author={Thierry, Guillaume and Wu, Yan Jing},
  journal={Proceedings of the National Academy of Sciences},
  volume={104},
  number={30},
  pages={12530--12535},
  year={2007},
  publisher={National Acad Sciences}
}

@article{bergelson20126,
  title={At 6--9 months, human infants know the meanings of many common nouns},
  author={Bergelson, Elika and Swingley, Daniel},
  journal={Proceedings of the National Academy of Sciences},
  volume={109},
  number={9},
  pages={3253--3258},
  year={2012},
  publisher={National Acad Sciences}
}

@article{von2012language,
  title={Language nonselective lexical access in bilingual toddlers},
  author={Von Holzen, Katie and Mani, Nivedita},
  journal={Journal of Experimental Child Psychology},
  volume={113},
  number={4},
  pages={569--586},
  year={2012},
  publisher={Elsevier}
}

@article{hamilton2000infant,
  title={Infant vocabulary development assessed with a British communicative development inventory},
  author={Hamilton, Antonia and Plunkett, Kim and Schafer, Graham},
  journal={Journal of child language},
  volume={27},
  number={3},
  pages={689--705},
  year={2000},
  publisher={Cambridge University Press}
}

@article{bosma2020cognate,
  title={Cognate facilitation in Frisian--Dutch bilingual children’s sentence reading: An eye-tracking study},
  author={Bosma, Evelyn and Nota, Naomi},
  journal={Journal of experimental child psychology},
  volume={189},
  pages={104699},
  year={2020},
  publisher={Elsevier}
}

@article{mani2010infant,
  title={In the infant’s mind’s ear: Evidence for implicit naming in 18-month-olds},
  author={Mani, Nivedita and Plunkett, Kim},
  journal={Psychological science},
  volume={21},
  number={7},
  pages={908--913},
  year={2010},
  publisher={Sage Publications Sage CA: Los Angeles, CA}
}

@article{mani2011phonological,
  title={Phonological priming and cohort effects in toddlers},
  author={Mani, Nivedita and Plunkett, Kim},
  journal={Cognition},
  volume={121},
  number={2},
  pages={196--206},
  year={2011},
  publisher={Elsevier}
}

@article{bosch2001evidence,
  title={Evidence of early language discrimination abilities in infants from bilingual environments},
  author={Bosch, Laura and Sebasti{\'a}n-Gall{\'e}s, N{\'u}ria},
  journal={Infancy},
  volume={2},
  number={1},
  pages={29--49},
  year={2001},
  publisher={Taylor \& Francis}
}

@article{byers2021multilab,
  title={A Multilab Study of Bilingual Infants: Exploring the Preference for Infant-Directed Speech},
  author={Byers-Heinlein, Krista and Tsui, Angeline Sin Mei and Bergmann, Christina and Black, Alexis K and Brown, Anna and Carbajal, Maria Julia and Durrant, Samantha and Fennell, Christopher T and Fi{\'e}vet, Anne-Caroline and Frank, Michael C and others},
  journal={Advances in Methods and Practices in Psychological Science},
  volume={4},
  number={1},
  pages={2515245920974622},
  year={2021},
  publisher={SAGE Publications Sage CA: Los Angeles, CA}
}

@book{mirman2017growth,
  title={Growth curve analysis and visualization using R},
  author={Mirman, Daniel},
  year={2017},
  publisher={Chapman and Hall/CRC}
}

@article{burkner2017brms,
  title={brms: An R package for Bayesian multilevel models using Stan},
  author={B{\"u}rkner, Paul-Christian},
  journal={Journal of statistical software},
  volume={80},
  number={1},
  pages={1--28},
  year={2017}
}

@article{mani2011phonological,
  title={Phonological priming and cohort effects in toddlers},
  author={Mani, Nivedita and Plunkett, Kim},
  journal={Cognition},
  volume={121},
  number={2},
  pages={196--206},
  year={2011},
  publisher={Elsevier}
}

@article{jardak2019labels,
  title={Labels or concepts? The development of semantic networks in bilingual two-year-olds},
  author={Jardak, Amel and Byers-Heinlein, Krista},
  journal={Child development},
  volume={90},
  number={2},
  pages={e212--e229},
  year={2019},
  publisher={Wiley Online Library}
}